@ARTICLE{spark:rdds,
	AUTHOR = {Matei Zaharia and others},
	TITLE = {Resilient Distributed Datasets: A Fault-Tolerant Abstraction for In-Memory Cluster Computing},
	JOURNAL = "NSDI 2012",
	MONTH = "April",
	YEAR = {2012}	}

@misc{spark,
  title = {Apache Spark - Lightning fast cluster computing},
  howpublished = {\url{https://spark.apache.org/}},
  note = {Version: 2.2.1, Accessed: 2018-02-11}
}

@misc{spark-cluster,
  title = {Cluster Mode Overview},
  howpublished = {\url{https://spark.apache.org/docs/latest/cluster-overview.html}},
  note = {Accessed: 2018-02-11}
}

@misc{docker,
  title = {Get Started},
  howpublished = {\url{https://docs.docker.com/get-started/}},
  note = {Accessed: 2018-02-11}
}

@misc{parquet,
  title = {Parquet},
  howpublished = {\url{https://parquet.apache.org/documentation/latest/}},
  note = {Accessed: 2018-02-11}
}

@misc{opencellid,
  title = {Cells database},
  howpublished = {\url{http://wiki.opencellid.org/wiki/Menu_map_view#database}},
  note = {Accessed: 2018-02-18}
}

@misc{pynb,
  title = {minodes/pynb},
  howpublished = {\url{https://github.com/minodes/pynb}},
  note = {Accessed: 2018-01-10}
}

@misc{fabric,
  title = {Fabric},
  howpublished = {\url{http://www.fabfile.org/}},
  note = {Accessed: 2018-02-10}
}

@ARTICLE{haversine,
   AUTHOR = {{Sinnott}, R.~W.},
    TITLE = {Virtues of the Haversine},
  JOURNAL = {Sky and Telescope},
     YEAR = {1984},
    MONTH = "December",
   VOLUME = 68,
    PAGES = {158},
     NOTE = {Provided by the SAO/NASA Astrophysics Data System}}
     
@conference{traj-sim,
  author       = {Haozhou Wang and others}, 
  title        = {An Effectiveness Study on Trajectory Similarity Measures},
  booktitle    = {Proceedings of the Twenty-Fourth Australasian Database Conference},
  year         = 2013,
  address      = {Adelaide, Australia},
  organization = {ADC}
}

@conference{traj-sim-rev,
  author       = {Nehal Magdy and others}, 
  title        = {An Effectiveness Study on Trajectory Similarity Measures},
  booktitle    = {IEEE Seventh International Conference on Intelligent Computing and Information Systems },
  year         = 2015,
  address      = {Cairo, Egypt}
}

@BOOK{encyclopedia,
title={Encyclopedia of distances},
author={Michel Marie Deza and Elena Deza},
year={2009},
publisher={Springer}}


@misc{distance-def,
  title = {Review \& Perspective for Distance Based Trajectory Clustering},
  howpublished = {\url{https://arxiv.org/pdf/1508.04904.pdf}},
  year=2015,
  note = {Accessed: 2018-02-25}
}

%https://books.google.de/books?hl=en&lr=&id=JShQJF23xBgC&oi=fnd&pg=PR3&dq=gps+trajectory+similarity&ots=6NQjdz7pbW&sig=CfoSGFa9vC6iqOvbTFVTO-P41Mg#v=onepage&q=gps%20trajectory%20similarity&f=false
@book{traj,
  title={Computing with Spatial Trajectories},
  author={Zheng, Y. and Zhou, X.},
  isbn={9781461416296},
  lccn={2011938480},
  series={Computing with Spatial Trajectories},
  url={https://books.google.de/books?id=JShQJF23xBgC},
  year={2011},
  publisher={Springer New York}
}

@conference{eff-sim,
  author       = {Rakesh Agrawal and others}, 
  title        = {Efficient Similarity Search In Sequence Databases},
  booktitle    = {4th International Conference, FODO '93, LNCS 730.},
  year         = 1993
}

@misc{voronoi,
  title = {Spatial Partitioning Algorithms for Data Visualization},
  author = {Raghuveer Devulapalli and others},
  year = {2014},
  howpublished = {\url{http://www-bcf.usc.edu/~jcarlsso/VDA_2014.pdf}},
  note = {Accessed: 2018-03-18}
}

@conference{spatiotemp,
  title={Spatiotemporal data from mobile phones
for personal mobility assessment},
  author={Zbigniew Smoreda and Ana-Maria Olteanu Raimond and Thomas Couronne},
  booktitle={Transport Survey Methods: Best Practice for Decision Making},
  year={2013},
  publisher={Emerald Group Publishing, London}
}

@book{gps,
  title={Global Positioning Systems, Inertial Navigation, and Integration: Edition 2},
  author={Mohinder S. Grewal and Lawrence R. Weill and Angus P.Andrews},
  isbn = {9780470099711},
  year={2007},
  publisher={John Wiley \& Sons}
}

@misc{ibm_parquet,
  title = {5 Reasons to Choose Parquet for Spark SQL},
  author = {Jesse F. Chen},
  year = {2016},
  howpublished = {\url{https://developer.ibm.com/hadoop/2016/01/14/5-reasons-to-choose-parquet-for-spark-sql/}},
  note = {Accessed: 2018-04-16}
}

@misc{spark-sql,
  title = {Spark SQL, DataFrames and Datasets Guide},
  howpublished = {\url{https://spark.apache.org/docs/latest/sql-programming-guide.html}},
  note = {Accessed: 2018-04-20}
}
 
@book{edit_dist,
  title={Speech and Language Processing},
  author={Daniel Jurafsky and James H. Martin},
  publisher={Pearson Education International},
  pages = {107-111}
}

@article{spatial_edit,
author = {Yihong Yuan and Martin Raubal},
title = {Measuring similarity of mobile phone user trajectories– a Spatio-temporal Edit Distance method},
journal = {International Journal of Geographical Information Science},
volume = {28},
number = {3},
pages = {496-520},
year  = {2014},
publisher = {Taylor & Francis},
URL = {\url{https://doi.org/10.1080/13658816.2013.854369}},
}


@misc{cell-site,
  title = {Wikipedia: Cell site},
  howpublished = {\url{https://en.wikipedia.org/wiki/Cell_site}},
  note = {Accessed: 2018-05-12}
}

@misc{android-accuracy,
  title = {Android API reference - Location Class},
  howpublished = {\url{https://developer.android.com/reference/android/location/Location.html#getAccuracy()}},
  year = {2018},
  note = {Accessed: 2018-05-19}
}


@article{wifi-gps,
author = {Piotr Sapiezynski and Arkadiusz Stopczynski and Radu Gatej and Sune Lehmann J{\o}rgensen},
title = {Tracking Human Mobility Using WiFi
Signals},
journal = {P L o S One},
volume = {10},
number = {7},
year  = {2015},
doi = {10.1371/journal.pone.0130824}
}

@article{mobility-card,
author = {Coco Krumme and Alejandro Llorente and Manuel Cebrian and Alex Pentland and Esteban Moro},
title = {The predictability of consumer visitation patterns},
journal = {Scientific Reports},
volume = {3},
number = {1645},
year  = {2013},
doi = {doi:10.1038/srep01645}
}

@article{mobility-taxi,
author = {Xiaolong Li and Gang Pan and Zhaohui Wu and Guande Qi and Shijian Li and Daqing Zhang and Wangsheng Zhang and Zonghui Wang},
title = {Prediction of urban human mobility using large-scale taxi traces and its applications},
journal = {Frontiers of Computer Science},
volume = {6},
number = {1},
year  = {2012},
doi = {\url{https://doi.org/10.1007/s11704-011-1192-6}}
}

@article{mobility-taxi2,
author = {Yu Liu and Chaogui Kang and Song Gao and Yu Xiao and Yuan Tian},
title = {Understanding intra-urban trip patterns from taxi trajectory data},
journal = {Journal of Geographical Systems},
volume = {14},
number = {4},
year  = {2012},
doi = {\url{https://doi.org/10.1007/s10109-012-0166-z}}
}

@incollection{mobility-cdr,
  author       = {Corina Iovan and Ana-Maria Olteanu-Raimond and Thomas Couronn\'{e} and Zbigniew Smoreda}, 
  title        = {Moving and Calling: Mobile Phone Data Quality Measurements and Spatiotemporal Uncertainty in Human Mobility Studies},
  booktitle    = {Geographic Information Science at the Heart of Europe},
  publisher    = {Springer International Publishing},
  year         = {2013},
  editor       = {D. Vandenbroucke and B. Bucher and J. Crompvoets},
  address      = {Switzerland}
}

@incollection{mobility-phone,
  author       = {Ana-Maria Olteanu-Raimond and Thomas Couronn\'{e} and Zbigniew Smoreda}, 
  title        = {Spatiotemporal data from mobile phones for personal mobility assessment},
  booktitle    = {Transport Survey Methods: Best Practice for Decision Making},
  chapter = {41},
  publisher    = {Emerald Group Publishing Limited},
  year         = {2013},
  editor       = {Johanna Zmud and Martin Lee-Gosselin and Juan Antonio Carrasco and Marcela A. Munizaga}
}

@article{mobility-cdr2,
author = {Juli\`{a}n Candia and Marta C Gonz\`{a}lez and Pu Wang and Timothy Schoenharl and Greg Madey and Albert-L\'{a}szló Barab\'{a}si},
title = {Uncovering individual and collective human dynamics from mobile phone records},
journal = {Journal of Physics A: Mathematical and Theoretical},
volume = {41},
number = {22},
year  = {2008}
}

@article{mobility-cdr3,
author = {Xin Lu and Erik Wetter and Nita Bharti and Andrew J. Tatem and Linus Bengtsson },
title = {Approaching the Limit of Predictability in Human Mobility},
journal = {Scientific Reports},
volume = {3},
number = {2923},
year  = {2013},
doi = {10.1038/srep02923}
}

@article{mobility-cdr4,
  title={Activity-based human mobility patterns inferred from mobile phone data: A case study of Singapore},
  author={Jiang, Shan and Ferreira, Joseph and Gonzalez, Marta C},
  journal={IEEE Transactions on Big Data},
  volume={3},
  number={2},
  pages={208--219},
  year={2017},
  publisher={IEEE}
}

@inproceedings{mobility-bluetooth,
  title={Analytical workflow of monitoring human mobility in big event settings using Bluetooth},
  author={Hendrik Stange and Thomas Liebig and Dirk Hecker and Gennady L. Andrienko and Natalia V. Andrienko},
  booktitle={ISA},
  year={2011}
}

@article{mobility-twitter,
author = {Bartosz Hawelka and Izabela Sitko and Euro Beinat and Stanislav Sobolevsky and Pavlos Kazakopoulos and Carlo Ratti},
title = {Geo-located Twitter as proxy for global mobility patterns},
journal = {Cartography and Geographic Information Science},
volume = {41},
number = {3},
pages = {260-271},
year  = {2014},
publisher = {Taylor \& Francis},
doi = {10.1080/15230406.2014.890072},
note ={PMID: 27019645},
URL = {\url{https://doi.org/10.1080/15230406.2014.890072}}
}

@INPROCEEDINGS{mobility-wifi, 
author={M. B. Kj\t{oo}rgaard and M. Wirz and D. Roggen and G. Tröster}, 
booktitle={2012 IEEE International Conference on Pervasive Computing and Communications}, 
title={Mobile sensing of pedestrian flocks in indoor environments using WiFi signals}, 
year={2012}, 
pages={95-102}, 
doi={10.1109/PerCom.2012.6199854}, 
month={March}}

@article{mobility-wearable,
  title={A Two-Level Approach to Characterizing Human Activities from Wearable Sensor Data.},
  author={Faye, S{\'e}bastien and Louveton, Nicolas and Gheorghe, Gabriela and Engel, Thomas},
  journal={JoWUA},
  volume={7},
  number={3},
  pages={1--21},
  year={2016}
}

@inproceedings{mobility-gps,
  title={Extracting human mobility patterns from gps-based traces},
  author={Zignani, Matteo and Gaito, Sabrina},
  booktitle={Wireless Days (WD), 2010 IFIP},
  pages={1--5},
  year={2010},
  organization={IEEE}
}

@article{privacy-mobility,
  title={Unique in the crowd: The privacy bounds of human mobility},
  author={De Montjoye, Yves-Alexandre and Hidalgo, C{\'e}sar A and Verleysen, Michel and Blondel, Vincent D},
  journal={Scientific reports},
  volume={3},
  pages={1376},
  year={2013},
  publisher={Nature Publishing Group}
}

@article{mobility-epidemic,
  title={Human movement data for malaria control and elimination strategic planning},
  author={Pindolia, Deepa K and Garcia, Andres J and Wesolowski, Amy and Smith, David L and Buckee, Caroline O and Noor, Abdisalan M and Snow, Robert W and Tatem, Andrew J},
  journal={Malaria journal},
  volume={11},
  number={1},
  pages={205},
  year={2012},
  publisher={BioMed Central}
}

@inproceedings{mobility-transport,
  title={Mercury: Metro density prediction with recurrent neural network on streaming CDR data},
  author={Liang, Victor C and Ma, Richard TB and Ng, Wee Siong and Wang, Li and Winslett, Marianne and Wu, Huayu and Ying, Shanshan and Zhang, Zhenjie},
  booktitle={Data Engineering (ICDE), 2016 IEEE 32nd International Conference on},
  pages={1374--1377},
  year={2016},
  organization={IEEE}
}

@article{mobility-transport2,
  title={Estimation of a disaggregate multimodal public transport Origin--Destination matrix from passive smartcard data from Santiago, Chile},
  author={Munizaga, Marcela A and Palma, Carolina},
  journal={Transportation Research Part C: Emerging Technologies},
  volume={24},
  pages={9--18},
  year={2012},
  publisher={Elsevier}
}

@article{mobility-urban,
  title={Urban land uses and traffic ‘source-sink areas’: Evidence from GPS-enabled taxi data in Shanghai},
  author={Liu, Yu and Wang, Fahui and Xiao, Yu and Gao, Song},
  journal={Landscape and Urban Planning},
  volume={106},
  number={1},
  pages={73--87},
  year={2012},
  publisher={Elsevier}
}

@article{mobility-event,
  title={Tweet analysis for real-time event detection and earthquake reporting system development},
  author={Sakaki, Takeshi and Okazaki, Makoto and Matsuo, Yutaka},
  journal={IEEE Transactions on Knowledge and Data Engineering},
  volume={25},
  number={4},
  pages={919--931},
  year={2013},
  publisher={IEEE}
}

@inproceedings{mobility-anomaly,
  title={Crowd sensing of traffic anomalies based on human mobility and social media},
  author={Pan, Bei and Zheng, Yu and Wilkie, David and Shahabi, Cyrus},
  booktitle={Proceedings of the 21st ACM SIGSPATIAL International Conference on Advances in Geographic Information Systems},
  pages={344--353},
  year={2013},
  organization={ACM}
}

@article{mobility-marketing,
  title={Location based mobile advertising},
  author={Sammut, Matthew and Montebello, Matthew and Camilleri, Vanessa},
  year={2010},
  publisher={IADIS}
}

@inproceedings{mobility-retail,
  title={Longitudinal human mobility and real-time access to a national density surface of retail outlets},
  author={Kirchner, Thomas R and Gao, Hong and Anesetti-Rothermel, Andrew and Carlos, Heather and House, Brian},
  booktitle={New York City, NY: International Workshop on Urban Computing},
  year={2014}
}

@article{mobility-retail2,
  title={Deriving retail centre locations and catchments from geo-tagged Twitter data},
  author={Lloyd, Alyson and Cheshire, James},
  journal={Computers, Environment and Urban Systems},
  volume={61},
  pages={108--118},
  year={2017},
  publisher={Elsevier}
}

@inproceedings{traj-semantic,
  title={Towards Semantic Trajectory Data Analysis: A Conceptual and Computational Approach.},
  author={Yan, Zhixian and Spaccapietra, Stefano and others},
  booktitle={VLDB PhD Workshop},
  year={2009},
  organization={Citeseer}
}

@article{traj-semantic2,
  title={Constant--a conceptual data model for semantic trajectories of moving objects},
  author={Bogorny, Vania and Renso, Chiara and Aquino, Artur Ribeiro and Lucca Siqueira, Fernando and Alvares, Luis Otavio},
  journal={Transactions in GIS},
  volume={18},
  number={1},
  pages={66--88},
  year={2014},
  publisher={Wiley Online Library}
}

@article{traj-datamining-overview,
  title={Trajectory data mining: an overview},
  author={Zheng, Yu},
  journal={ACM Transactions on Intelligent Systems and Technology (TIST)},
  volume={6},
  number={3},
  pages={29},
  year={2015},
  publisher={ACM}
}

@ARTICLE{traj-mining-overview,
    AUTHOR = {Jean Damascene Mazimpaka and Sabine Timpf},
    TITLE = {Trajectory data mining: A review of methods and applications},
    JOURNAL = {Journal of Spatial Information Science},
    YEAR = {2016},
    VOLUME = 13,
    PAGES = {69-99}
}

@misc{python,
  title = {What is Python? Executive Summary},
  howpublished = {\url{https://www.python.org/doc/essays/blurb/}},
  note = {Accessed: 2018-04-28}
}
